<?xml version="1.0" encoding="UTF-8"?><record xmlns="http://www.loc.gov/MARC21/slim" xmlns:cinclude="http://apache.org/cocoon/include/1.0" xmlns:zs="http://www.loc.gov/zing/srw/">
  <leader>01525cz  a2200217n  4500</leader>
  <controlfield tag="001">no 90013079 </controlfield>
  <controlfield tag="003">DLC</controlfield>
  <controlfield tag="005">20150319182759.0</controlfield>
  <controlfield tag="008">900627n| azannaabn          |n aaa     c</controlfield>
  <datafield tag="010" ind1=" " ind2=" ">
    <subfield code="a">no 90013079 </subfield>
  </datafield>
  <datafield tag="035" ind1=" " ind2=" ">
    <subfield code="a">(OCoLC)oca02773932</subfield>
  </datafield>
  <datafield tag="040" ind1=" " ind2=" ">
    <subfield code="a">MdU</subfield>
    <subfield code="b">eng</subfield>
    <subfield code="e">rda</subfield>
    <subfield code="c">MdU</subfield>
    <subfield code="d">DHU-MS</subfield>
  </datafield>
  <datafield tag="046" ind1=" " ind2=" ">
    <subfield code="f">1673</subfield>
    <subfield code="g">1740</subfield>
  </datafield>
  <datafield tag="100" ind1="0" ind2=" ">
    <subfield code="a">Agaja,</subfield>
    <subfield code="c">King of Dahomey,</subfield>
    <subfield code="d">1673-1740</subfield>
  </datafield>
  <datafield tag="370" ind1=" " ind2=" ">
    <subfield code="a">Benin</subfield>
    <subfield code="b">Benin</subfield>
    <subfield code="c">Benin</subfield>
    <subfield code="2">naf</subfield>
  </datafield>
  <datafield tag="370" ind1=" " ind2=" ">
    <subfield code="a">Dahomey (Kingdom)</subfield>
  </datafield>
  <datafield tag="374" ind1=" " ind2=" ">
    <subfield code="a">Kings and rulers</subfield>
    <subfield code="2">lcsh</subfield>
  </datafield>
  <datafield tag="375" ind1=" " ind2=" ">
    <subfield code="a">male</subfield>
  </datafield>
  <datafield tag="670" ind1=" " ind2=" ">
    <subfield code="a">A new account of some parts of Guinea, and the slave trade, containing I. The history of the late conquest of the kingdom of Whidaw by the King of DahomeĚ ... 1734.</subfield>
  </datafield>
  <datafield tag="670" ind1=" " ind2=" ">
    <subfield code="a">Hist. dict. of Benin, 1987</subfield>
    <subfield code="b">(Agaja, 1673-1740; one of Dahomey's greatest kings, ascended to throne in 1708)</subfield>
  </datafield>
  <datafield tag="670" ind1=" " ind2=" ">
    <subfield code="a">Dictionary of African Biography, accessed October 26, 2014, via Oxford African American Studies Center  database:</subfield>
    <subfield code="b">(Agaja; king; born 1673 in Benin [then Dahomey]; launched a series of reforms within the kingdom and led  numerous campaigns against Dahomey's neighbors; his biggest target was the city of Ouidah, the main port of entry for  European slavers seeking to buy slaves from Dahomey and surrounding kingdoms; his army invaded Allada (1724); created  a professional army of female and male soldiers; sent an ambassador to England to offer a trade alliance before he  conquered Ouidah (1727); helped set the foundation for Dahoman wealth and military might for the next century and a  half; died 1740 in Benin [then Dahomey])</subfield>
  </datafield>
</record>